@book{vulkan2013handbook,
  title={\textit{The Handbook of Market Design}},
  author={Vulkan, Nir and Roth, Alvin E and Neeman, Zvika},
  year={2013},
  publisher={Oxford University Press}
}


@book{klemperer2004auctions,
  title={\textit{Auctions: Theory and Practice}},
  author={Klemperer, Paul},
  year={2004},
  publisher={Princeton University Press}
}

@Article{DIPRESChileCompra2020,
  Title                    = {Encuesta de {L}inea de {B}ase sobre {P}ercepciones del {G}asto {P}ublico en el marco del proyecto ``{D}iseño y {E}valuación de ``{N}udges" para {I}ncentivar el {A}horro en {C}ompras {P}úblicas".},
  Author                   = {DIPRES},
  Journal                  = {Direccion de Presupuestos, Gobierno de Chile},
  Year                     = {2020},

  Owner                    = {rundurraga},
  Timestamp                = {2016.07.21}
}


@Article{KhanKwajaOlken2019,
  Title                    = {Making {M}oves {M}atter: {E}xperimental {E}vidence on {I}ncentivizing {B}ureaucrats through {P}erformance-{B}ased {P}ostings},
  Author                   = {Khan, AQ., and Khwaja, AI., and Olken, B.},
  Journal                  = {American Economic Review},
  Year                     = {2019},
  Pages                    = {237-70},
  Volume                   = {109},
  Number			=         {1},
  Owner                    = {rundurraga},
  Timestamp                = {2016.07.21}
}

@Article{BandieraBestKhanPrat2020,
  Title                    = {The {A}llocation of {A}uthority in {O}rganizations: {A} {F}ield {E}xperiment with {B}ureaucrats},
  Author                   = {Bandiera, O., and Best, C., and Khan, A., and Prat, A.},
  Journal                  = {NBER Working Paper},
  Year                     = {2020},
  Number			       = {26733},
  Owner                    = {rundurraga},
  Timestamp                = {2016.07.21}
}

@Article{LaffontTirole1994,
  Title                    = {A {T}heory of {I}ncentives in {P}rocurement and {R}egulation},
  Author                   = {Laffont, J., and Tirole, J.},
  Journal                  = {MIT Press},
  Year                     = {1994},
  Owner                    = {rundurraga},
  Timestamp                = {2016.07.21}
}


@Article{BandieraPratValletti2009,
  Title                    = {Active and {P}assive {W}aste in {G}overnment {S}pending: {E}vidence from a {P}olicy {E}xperiment},
  Author                   = {Bandiera, O., and Prat, A., and Valletti, T.},
  Journal                  = {American Economic Review},
  Year                     = {2009},
  Pages                    = {1278-1308},
  Volume                   = {99},
  Number			=         {4},
  Owner                    = {rundurraga},
  Timestamp                = {2016.07.21}
}

@Article{Kelman1990,
  Title                    = {Procurement and {P}ublic {M}anagement: {T}he {F}ear of {D}iscretion and the
{Q}uality of {G}overnment {P}erformance},
  Author                   = {Kelman, S.},
  Journal                  = {AEI Press},
  Year                     = {1990},
  Owner                    = {rundurraga},
  Timestamp                = {2016.07.21}
}

@Article{LiebmanMahoney2017,
  Title                    = {Do {E}xpiring {B}udgets {L}ead to {W}asteful {Y}ear-{E}nd {S}pending? {E}vidence from {F}ederal {P}rocurement},
  Author                   = {Liebman, J., and Mahoney, N.},
  Journal                  = {American Economic Review},
  Year                     = {2017},
  Pages                    = {3510-3549},
  Volume                   = {107},
  Number			=         {1},
  Owner                    = {rundurraga},
  Timestamp                = {2016.07.21}
}




@Article{OECD2009,
  Title                    = {Principles for {I}ntegrity in {P}ublic {P}rocurement},
  Author                   = {OECD, },
  Journal                  = {Organisation for Economic Co-operation and Development, Tech. Report},
  Year                     = {2009},
  Owner                    = {rundurraga},
  Timestamp                = {2016.07.21}
}

@MISC {FNEcp,
    author = "{Fiscalía Nacional Económica}",
    title  = "Estudio de mercado sobre Compras Publicas (EM05-2019)",
    year   = "2020"
}

@MISC {FondefCM,
    author = "{Olivares, Marcelo}",
    title  = "Diseño De Una Plataforma Para La Implementación De Convenios Marco Competitivos",
    year   = "2021",
    publisher = "Fondef Project ID16I10122"
}

@MISC {CatalogGithub,
    author = "{Guerra}",
    title = "Catalogador Standalone para Convenios Marco",
    URL = "{https://github.com/rguerral/catalogador\_standalone}",
    year = "2019"
}

@misc{FITARA,
  title = {Federal Information Technology Acquisition Reform Act ({FITARA})}, 
  author = "FITARA",
  year = "2014",
  URL = {https://www.cio.gov/policies-and-priorities/FITARA}
}

@MISC {ValidadorGitHub,
    author = "{Guerra}",
    title = "Herramienta para la creación de CM y validación de ofertas",
    URL = "{https://github.com/rguerral/site\_validador}",
    year = "2019"
}


@book{albano2016law,
  title={The Law and Economics of Framework Agreements},
  author={Albano, Gian Luigi and Nicholas, Caroline},
  year={2016},
  publisher={Cambridge University Press}
}

@book{dimitri2006handbook,
  title={\textit{Handbook of Procurement}},
  author={Dimitri, Nicola and Piga, Gustavo and Spagnolo, Giancarlo},
  year={2006},
  publisher={Cambridge University Press}
}


@article{saban2021procurement,
  title={Procurement mechanisms for assortments of differentiated products},
  author={Saban, Daniela and Weintraub, Gabriel Y},
  journal={\textit{Operations Research}},
  volume={69},
  number={3},
  pages={795--820},
  year={2021},
  publisher={INFORMS}
}

@article{dinerstein2018consumer,
  title={Consumer price search and platform design in internet commerce},
  author={Dinerstein, Michael and Einav, Liran and Levin, Jonathan and Sundaresan, Neel},
  journal={American Economic Review},
  volume={108},
  number={7},
  pages={1820--59},
  year={2018}
}

@article{li2020higher,
  title={Higher market thickness reduces matching rate in online platforms: Evidence from a quasiexperiment},
  author={Li, Jun and Netessine, Serguei},
  journal={Management Science},
  volume={66},
  number={1},
  pages={271--289},
  year={2020},
  publisher={INFORMS}
}

@article{Choi22,
  title={The Design of Optimal Pay-as-Bid Procurement Mechanisms},
  author={Choi, Je{-}ok and Saban, Daniela and Weintraub, Gabriel Y.},
  journal={\textit{Manufacturing and Service Operations Management}},
  year={2023},
  volume={25},
  number={2},
  pages={371--810}
}
 % note={Available at SSRN: https://ssrn.com/abstract=3785023 or http://dx.doi.org/10.2139/ssrn.3785023}
}

@article{Demsetz68,
 ISSN = {00222186, 15375285},
 URL = {http://www.jstor.org/stable/724970},
 author = {Harold Demsetz},
 journal = {\textit{The Journal of Law \& Economics}},
 number = {1},
 pages = {55--65},
 publisher = {[University of Chicago Press, Booth School of Business, University of Chicago, University of Chicago Law School]},
 title = {Why Regulate Utilities?},
 urldate = {2022-11-22},
 volume = {11},
 year = {1968}
}

@article{besedevs2015reducing,
  title={Reducing choice overload without reducing choices},
  author={Besede{\v{s}}, Tibor and Deck, Cary and Sarangi, Sudipta and Shor, Mikhael},
  journal={Review of Economics and Statistics},
  volume={97},
  number={4},
  pages={793--802},
  year={2015},
  publisher={The MIT Press}
}
@inproceedings{bollen2010understanding,
  title={Understanding choice overload in recommender systems},
  author={Bollen, Dirk and Knijnenburg, Bart P and Willemsen, Martijn C and Graus, Mark},
  booktitle={Proceedings of the fourth ACM conference on Recommender systems},
  pages={63--70},
  year={2010}
}
@article{chernev2015choice,
  title={Choice overload: A conceptual review and meta-analysis},
  author={Chernev, Alexander and B{\"o}ckenholt, Ulf and Goodman, Joseph},
  journal={Journal of Consumer Psychology},
  volume={25},
  number={2},
  pages={333--358},
  year={2015},
  publisher={Wiley Online Library}
}



@misc{cantillon2006auctioning,
  title={Auctioning bus routes: The London experience. P. Cramton, Y. Shoham, R. Steinberg, eds., Combinatorial Auctions},
  author={Cantillon, E and Pesendorfer, M},
  year={2006},
  publisher={MIT Press, Cambridge, MA}
}

@article{ausubel2006clock,
  title={The clock-proxy auction: A practical combinatorial auction design},
  author={Ausubel, Lawrence M and Cramton, Peter and Milgrom, Paul},
  journal={Handbook of Spectrum Auction Design},
  pages={120--140},
  year={2006},
  publisher={MIT}
}

@article{olivares2012combinatorial,
  title={Combinatorial auctions for procurement: An empirical study of the Chilean school meals auction},
  author={Olivares, Marcelo and Weintraub, Gabriel Y and Epstein, Rafael and Yung, Daniel},
  journal={Management Science},
  volume={58},
  number={8},
  pages={1458--1481},
  year={2012},
  publisher={INFORMS}
}

@article{engel1997highway,
  title={Highway franchising: pitfalls and opportunities},
  author={Engel, Eduardo and Fischer, Ronald and Galetovic, Alexander},
  journal={The American Economic Review},
  volume={87},
  number={2},
  pages={68--72},
  year={1997},
  publisher={JSTOR}
}

@article{lewis2011procurement,
  title={Procurement contracting with time incentives: Theory and evidence},
  author={Lewis, Gregory and Bajari, Patrick},
  journal={The Quarterly Journal of Economics},
  volume={126},
  number={3},
  pages={1173--1211},
  year={2011},
  publisher={MIT Press}
}

@article{balcik2014supplier,
  title={Supplier selection for framework agreements in humanitarian relief},
  author={Balcik, Burcu and Ak, Deniz},
  journal={Production and Operations Management},
  volume={23},
  number={6},
  pages={1028--1041},
  year={2014},
  publisher={Wiley Online Library}
}

@article{albano2022case,
  title={A case study on bid rigging in centralized procurement of audit consulting services in Italy},
  author={Albano, Gian Luigi and Santocchia, Maria Grazia},
  journal={Journal of Public Procurement},
  year={2022},
  publisher={Emerald Publishing Limited}
}

@article{quiroga2021role,
  title={The role of transparency in procurement: Revealed versus concealed scoring rules in sealed bid A+ B auctions},
  author={Quiroga, Bernardo F and Moritz, Brent B and Guide Jr, V Daniel R},
  journal={Journal of Operations Management},
  volume={67},
  number={1},
  pages={71--81},
  year={2021},
  publisher={Wiley Online Library}
}

@misc{dipresFEI,
  title={Diseño y Evaluacion de ``Nudges'' para Incentivar el Ahorro en las Compras Publicas},
  author={Pablo Celhay and Paul Gertler and Marcelo Olivares and Raimundo Undurraga},
  year={2022},
  publisher={Dirección de Presupuestos, Ministerio de Hacienda, Gobierno de Chile}
}

@misc{chcbalance2008,
  title={Balance de gestión integral año 2018},
  author={Dirección de Compras y Contratación Pública, Ministerio de Hacienda, Gobierno de Chile},
  year={2019},
  url = "https://www.chilecompra.cl/category/centro-de-documentacion/institucional/balances-y-planes-estrategicos-chilecompra"
}

@article{carpineti2006variety,
  title={The variety of procurement practice: evidence from public procurement},
  author={Carpineti, Laura and Piga, Gustavo and Zanza, Matteo},
  year={2006},
  publisher={Cambridge University Press}
}

@incollection{carpineti2006variety,
  booktitle = {\textit{Handbook of Procurement}},
  title={The variety of procurement practice: evidence from public procurement},
  author={Carpineti, Laura and Piga, Gustavo and Zanza, Matteo},
  year={2006},
  publisher={Cambridge University Press}
}

@incollection{dimitri2006should,
  title={When should procurement be centralized},
  author={Dimitri, Nicola and Dini, Federico and Piga, Gustavo},
  booktitle={\textit{Handbook of Procurement}},
  pages={47--81},
  year={2006},
  publisher={Cambridge University Press Cambridge}
}

@article{albano2010flexible,
  title={Flexible strategies for centralized public procurement},
  author={Albano, Gian Luigi and Sparro, Marco},
  journal={Review of Economics and Institutions},
  volume={1},
  number={2},
  year={2010}
}

@incollection{albano2006procurement,
  title={Procurement Contracting Strategies},
  booktitle={\textit{Handbook of Procurement}},
  author={Albano, Gian-Luigi and Calzolari, Giacomo and Dini, Federico and Iossa, Elisabetta and Spagnolo, Giancarlo},
  year={2006},
  publisher={Cambridge University Press}
}

@article{bajari2009auctions,
  title={Auctions versus negotiations in procurement: an empirical analysis},
  author={Bajari, Patrick and McMillan, Robert and Tadelis, Steven},
  journal={The Journal of Law, Economics, and Organization},
  volume={25},
  number={2},
  pages={372--399},
  year={2009},
  publisher={Oxford University Press}
}

@book{oecd2019reforming,
  title={Reforming public procurement: Progress in implementing the 2015 OECD recommendation},
  author={OECD},
  year={2019},
  publisher={OECD Publishing}
}

@book{oecd2017Chile,
  title={Public procurement in Chile: Policy options for efficient and inclusive Framework Agreements},
  author={OECD},
  year={2019},
  publisher={OECD Publishing},
  doi=http://dx.doi.org/10.1787/9789264275188-en
}

@book{oecd2014manualFA,
  title={Manual of Framework Agreements},
  author={OECD},
  year={2014},
  publisher={OECD Publishing}
}

@incollection{tadelis2006incentives,
  title={Incentives and award procedures: competitive tendering vs. negotiations in procurement},
  booktitle={\textit{Handbook of Procurement}},
  author={Tadelis, Steven and Bajari, Patrick},
  journal={\textit{Handbook of Procurement}},
  pages={121--139},
  year={2006},
  publisher={Citeseer}
}


@article{sun2014chimera,
  title={Chimera: Large-scale classification using machine learning, rules, and crowdsourcing},
  author={Sun, Chong and Rampalli, Narasimhan and Yang, Frank and Doan, AnHai},
  journal={\textit{Proceedings of the VLDB Endowment}},
  volume={7},
  number={13},
  pages={1529--1540},
  year={2014},
  publisher={VLDB Endowment}
}

@masterthesis{levy2017rediseno,
  title={Redise{\~n}o de bases de licitaci{\'o}n para {C}onvenios {M}arco competitivos. {C}aso de estudio basado en {C}onvenio {M}arco de {A}limentos},
  author={Levy, Eyal David},
  year={2017},
  school       = {Universidad de Chile},
  note         = { \texttt{https://repositorio.uchile.cl/handle/2250/147385}}
}
#author={Guerra L{\'o}pez, Rodrigo Andr{\'e}s}
@masterthesis{guerra2019diseno,
  title={Dise{\~n}o de un sistema de catalogaci{\'o}n de productos de e-commerce utilizando procesamiento de lenguaje natural ({NLP}) y machine learning},
  author={Guerra},
  year={2019},
  school={Universidad de Chile},
  note={\texttt{https://repositorio.uchile.cl/handle/2250/170306}}
}

@article{myerson1981optimal,
  title={Optimal auction design},
  author={Myerson, Roger B},
  journal={\textit{Mathematics of Operations Research}},
  volume={6},
  number={1},
  pages={58--73},
  year={1981},
  publisher={INFORMS}
}

@incollection{carpineti2006variety,
  booktitle = {\textit{Handbook of Procurement}},
  title={The variety of procurement practice: evidence from public procurement},
  author={Carpineti, Laura and Piga, Gustavo and Zanza, Matteo},
  year={2006},
  publisher={Cambridge University Press}
}

@incollection{dimitri2006should,
  title={When should procurement be centralized},
  author={Dimitri, Nicola and Dini, Federico and Piga, Gustavo},
  booktitle={\textit{Handbook of Procurement}},
  pages={47--81},
  year={2006},
  publisher={Cambridge University Press Cambridge}
}

@article{albano2010flexible,
  title={Flexible strategies for centralized public procurement},
  author={Albano, Gian Luigi and Sparro, Marco},
  journal={Review of Economics and Institutions},
  volume={1},
  number={2},
  year={2010}
}

@incollection{albano2006procurement,
  title={Procurement Contracting Strategies},
  booktitle={\textit{Handbook of Procurement}}
}
  author={Albano, Gian-Luigi and Calzolari, Giacomo and Dini, Federico and Iossa, Elisabetta and Spagnolo, Giancarlo},
  year={2006},
  publisher={Cambridge University Press}
}

@incollection{tadelis2006incentives,
  title={Incentives and award procedures: competitive tendering vs. negotiations in procurement},
  booktitle={\textit{Handbook of Procurement}},
  author={Tadelis, Steven and Bajari, Patrick},
  journal={\textit{Handbook of Procurement}},
  pages={121--139},
  year={2006},
  publisher={Citeseer}
}

@article{gur2017framework,
  title={Framework agreements in procurement: An auction model and design recommendations},
  author={Gur, Yonatan and Lu, Lijian and Weintraub, Gabriel Y},
  journal={\textit{Manufacturing and Service Operations Management}},
  volume={19},
  number={4},
  pages={586--603},
  year={2017},
  publisher={INFORMS}
}



@article{worldbank,
  Title                    = {Systems for Improved Access to Pharmaceuticals and Services ({SIAPS}) Program},
  Author                  = {{US Agency for International Development}},
  Journal = {Technical Report},
  Year                     = {2015}
}

@Article{leycompras,
  Title                    = {Aprueba nuevas politicas y condiciones de uso del sistema de información de compras públicas y registro de proveedores},
  Author                   = {Chile{C}ompra},
  Journal                  = {Resolución Exenta N$^\circ$ 585-B },
  Address = {Santiago, Chile},
  Year                     = {2021}
}

@Article{cuentapublica2021,
  Title                    = {Cuenta {P}ública {C}hile{C}ompra: Gestión 2021 y Avances 2022},
  Author                   = {Chile{C}ompra},
  URL                  = {https://www.chilecompra.cl/wp-content/uploads/2022/05/Cuenta-Publica-ChileCompra-2021.pdf},
  Year                     = {2021}
}

@misc{datosabiertos,
  author = {Chile{C}ompra},
  title = {{Datos Abiertos de las Compras Públicas en Chile}},
  howpublished = "\url{https://datos-abiertos.chilecompra.cl/}",
  year = {2022}, 
  note = "[Online; accessed 2-Dec-2022]"
}

@article{mikolov2013distributed,
  title={Distributed representations of words and phrases and their compositionality},
  author={Mikolov, Tomas and Sutskever, Ilya and Chen, Kai and Corrado, Greg S and Dean, Jeff},
  journal={Advances in neural information processing systems},
  volume={26},
  year={2013}
}

@article{rosen1974hedonic,
  title={Hedonic prices and implicit markets: product differentiation in pure competition},
  author={Rosen, Sherwin},
  journal={Journal of political economy},
  volume={82},
  number={1},
  pages={34--55},
  year={1974},
  publisher={The University of Chicago Press}
}

@article{greenstone2017continuing,
  title={The continuing impact of Sherwin Rosen’s “Hedonic prices and implicit markets: product differentiation in pure competition”},
  author={Greenstone, Michael},
  journal={Journal of Political Economy},
  volume={125},
  number={6},
  pages={1891--1902},
  year={2017},
  publisher={University of Chicago Press Chicago, IL}
}

@book{Tukey1977,
series = {Addison-Wesley series in behavioral science},
publisher = {Addison-Wesley Pub. Co.},
booktitle = {Exploratory data analysis},
isbn = {0201076160},
year = {1977},
title = {Exploratory data analysis / John W. Tukey},
language = {eng},
address = {Reading, Mass.},
author = {Tukey, John W. (John Wilder)},
keywords = {Statistics},
lccn = {76-305080},
}

@Article{OECD2017_PP,
  Title                    = {Size of {P}ublic {P}rocurement},
  Author                   = {OECD},
  Journal                  = {Government at a Glance 2017, Tech. Report},
  Year                     = {2017},
  publisher                 = {OECD {P}ublishing},
address                     = {Paris},
doi                         = {https://doi.org/10.1787/gov_glance-2017-59-en}
}

@Article{OECD2015_CPB,
  Title                    = {Central {P}rocurement {B}odies},
  Author                   = {OECD},
  Journal                  = {Government at a Glance 2015, Tech. Report},
  Year                     = {2015},
  publisher                 = {OECD {P}ublishing},
address                     = {Paris},
doi                         = {https://doi.org/10.1787/gov_glance-2015-45-en}
}
